<?xml version="1.0" encoding="UTF-8"?><collection xmlns="http://www.loc.gov/MARC21/slim"><record><leader>00440nam--2200157-i-4500</leader><controlfield tag="001">000007872</controlfield><controlfield tag="002">20161230</controlfield><controlfield tag="005">20170210000503</controlfield><controlfield tag="008">060222s1000------------r-----000-0-eng-d</controlfield><datafield ind1=" " ind2=" " tag="100"><subfield code="a">Book, J. L</subfield></datafield><datafield ind1=" " ind2=" " tag="245"><subfield code="a">Computers + lab.chromatographs=accuracy. Quic results and manpower savings</subfield></datafield><datafield ind1=" " ind2=" " tag="260"><subfield code="a">New York</subfield><subfield code="b">Instrument Society Of America</subfield><subfield code="c">1966</subfield></datafield><datafield ind1=" " ind2=" " tag="300"><subfield code="a">6 p</subfield></datafield><datafield ind1=" " ind2=" " tag="700"><subfield code="a">Hadley, J. P</subfield></datafield><datafield ind1=" " ind2=" " tag="852"><subfield code="a">543.544</subfield></datafield><datafield ind1=" " ind2=" " tag="CAT"><subfield code="a">SYS</subfield><subfield code="c">20170210</subfield><subfield code="h">000503</subfield></datafield></record></collection>